<?xml version="1.0" encoding="UTF-8"?><collection xmlns="http://www.loc.gov/MARC21/slim"><record><leader>00422nam--2200145-i-4500</leader><controlfield tag="001">000041533</controlfield><controlfield tag="002">20161230</controlfield><controlfield tag="005">20161230201043</controlfield><controlfield tag="008">060222s1000------------r-----000-0-eng-d</controlfield><datafield ind1=" " ind2=" " tag="080"><subfield code="a">539.171.6</subfield></datafield><datafield ind1=" " ind2=" " tag="100"><subfield code="a">Sidenius,G</subfield></datafield><datafield ind1=" " ind2=" " tag="245"><subfield code="a">Systematic stopping cross section measurements with low energy ions in gases</subfield></datafield><datafield ind1=" " ind2=" " tag="260"><subfield code="a">Koenhavn, Mokkissionser:Munksgaard, 1974. 32 P</subfield></datafield><datafield ind1=" " ind2=" " tag="490"><subfield code="a">Math.-fysiske Meddelelser</subfield></datafield><datafield ind1=" " ind2=" " tag="852"><subfield code="a">42285</subfield></datafield></record></collection>